@book{Tucker2016,
    place       =   {Cambridge},
    series      =   {Cambridge Aerospace Series},
    title       =   {Advanced Computational Fluid and Aerodynamics},
    doi         =   {10.1017/CBO9781139872010},
    publisher   =   {Cambridge University Press},
    author      =   {Tucker, P. G.},
    year        =   {2016},
    collection  =   {Cambridge Aerospace Series}
}

@book{Hynes2018,
    series      =   {Computational Fluid Dynamics Part IIB 4A2},
    title       =   {Course Lecture Slides},
    publisher   =   {University of Cambridge Department of Engineering},
    author      =   {Hynes, T. and Tucker, P. G.},
    year        =   {Michaelmas 2018}
}

@book{Fletcher1998,
    place       =   {Cambridge},
    series      =   {Cambridge Aerospace Series},
    title       =   {Computational Techniques for Fluid Dynamics: Fundamental and General Techniques},
    doi         =   {10.1007/978-3-642-58229-5},
    publisher   =   {Springer-Verlag Berlin Heidelberg},
    author      =   {Fletcher, C. A. J.},
    year        =   {1998}
}

@book{Hall2018,
    publisher   =   {National Aeronautics and Space Administration},
    author      =   {Hall, N.},
    title       =   {Oblique Shock Waves},
    year        =   {last updated: April 06, 2018. https://www.grc.nasa.gov/www/k-12/airplane/oblique.html}
}

@book{Gottlieb1998,
    title       =   {Total variation diminishing Runge-Kutta schemes},
    publisher   =   {Mathematics of Computation, vol. 67, no. 221, pp. 73â€“85},
    author      =   {Gottlieb, S. and Shu C. W.},
    year        =   {1998}
}

@book{Hall_calc,
    publisher   =   {Virginia Tech},
    author      =   {Hall, N.},
    title       =   {Compressible Aerodynamics Calculator 3.0},
    year        =   {last updated: Dec 05, 2016. http://www.dept.aoe.vt.edu/~devenpor/aoe3114/calc.html}
}

@book{Mccabe1967,
    title       =   {Design of a Supersonic Nozzle},
    publisher   =   {},
    author      =   {Mccabe, B.A.},
    year        =   {1967}
}

@book{Anderson1990,
    title       =   {Modern Compressible Flow, 2nd ed.},
    publisher   =   {},
    author      =   {Anderson, J. D.},
    year        =   {1990}
}

@article{Launder1974,
    title       =   {The numerical computation of turbulent flows},
    journal     =   {Computer Methods in Applied Mechanics and Engineering},
    volume      =   {3},
    number      =   {2},
    pages       =   {269--289},
    year        =   {1974},
    issn        =   {0045--7825},
    doi         =   {10.1016/0045-7825(74)90029-2},
    author      =   {Launder, B. E. and Spalding, D.}
}

@book{Saad2011,
    title       =   {Turbulence Modeling For Beginners},
    publisher   =   {University of Tennessee Space Institute},
    author      =   {Saad, T.},
    year        =   {2011}
}

@book{Cant2007,
    place       =   {London, UK},
    title       =   {An Introduction to Turbulent Reacting Flows},
    doi         =   {10.1142/p498},
    publisher   =   {Imperial College Press},
    author      =   {Cant, R.S. and Mastorakos, E.},
    year        =   {2007}
}

@book{Toro2009,
    author      =   {Toro, E. F.},
    title       =   {Riemann Solvers and Numerical Methods for Fluid Dynamics: A Practical Introduction},
    year        =   {2009},
    publisher   =   {Springer Berlin Heidelberg},
    address     =   {Berlin, Heidelberg},
    doi         =   {10.1007/b79761_1},
    url         =   {https://doi.org/10.1007/b79761_1}
}

@misc{Broechers2022,
      author    =   {Boerchers, J. and Rzepka, S. and Fush, S. T.},
      title     =   {{PSYCHo-I}: {P}ython {S}imulations {Y}ielding {H}ydrodynamic {I}nstabilities},
      year      =   {2022},
      publisher =   {GitHub},
      journal   =   {GitHub repository},
      howpublished     =   {https://github.com/johnboerchers/psycho-i}
}

@misc{Fush2023,
      author    =   {Fush, S. T.},
      title     =   {{VIPS}: {V}arying {I}ncompressible flow {P}ressure {S}olver},
      year      =   {2023},
      publisher =   {GitHub},
      journal   =   {GitHub repository},
      howpublished     =   {https://github.com/trevorfush/vips}
}

@book{Press2007,
    author      =	{Press, W. H. and Teukolsky, S. A. and Vetterling, W. T. and Flannery, B. P.},
    title	    =	{Numerical Recipes 3rd Edition: The Art of Scientific Computing},
    year	    =	{2007},
    isbn	    =	{0521880688},
    publisher	=	{Cambridge University Press},
    address	    =	{USA},
    edition	    =	{3}
}

@book{Hirsch2007,
    author      =   {Hirsch, C.},
    publisher   =   {Elsevier},
    title       =   {Numerical computation of internal and external flows: The fundamentals of computational fluid dynamics},
    year        =   {2007}
}


%%%%%%%%%%%%%%%%%%%%%%%%%%%%%%%%%%%%%%%%%%%%%%%%%%%%%%%%%%%%%%%%%%%%%%%%%%%%%%%%%%%%%%%%%%%%%%%%%%%%%%%%%%%%%%%%%%%

@misc{Gouldin_workshop,
    author      =   {Gouldin, F. and Cheng, R. K.},
    title       =   {International Workshop on Premixed Turbulent Flames},
    year        =   {2010},
    howpublished     =   {\url{http://eetd.lbl.gov/aet/combustion/workshop/workshop.html}},
    urldate     =   {}
}

@misc{data,
    author      =   {{University of Cambridge Research Data Management}},
    title       =   {{C}ambridge {U}niversity {D}ata {R}epository},
    year        =   {2019},
    howpublished     =   {\url{https://www.data.cam.ac.uk/}},
    urldate     =   {}
}

@misc{digitizeit,
    author      =   {Bormann, I.},
    title       =   {{D}igitize{I}t digitizer software},
    year        =   {2019},
    howpublished     =   {\url{https://www.digitizeit.de/}},
    urldate     =   {}
}

@techreport{IDA,
     title      =   {Estimating Uncertainties Related to Digitized Data for {G}oldbook},
     author     =   {Teng, S H.},
     group      =   {Science and Technology Division},
     year       =   {2016},
     institution    =  {Institute for Defense Analyses, Alexandria, Virginia},
}

@misc{Hochgreb_notes,
    author      =   {Hochgreb, S.},
    institution =   {University of Cambridge},
    howpublished    =   {University Lecture},
    year        =   {2018},
    title       =   {Laminar Premixed Flames}
}

@misc{Swami_notes,
    Author      =   {Swaminathan, N.},
    Institution =   {University of Cambridge},
    Howpublished    =   {University Lecture},
    Year        =   {2019},
    Title       =   {Laminar Premixed Flames}
}

@misc{cantera,
    author      =   {Goodwin, D. G. and Speth, R. L. and Moffat, H. K. and Weber, B. W.},
    title       =   {{C}antera: {A}n Object--oriented Software Toolkit for Chemical Kinetics, Thermodynamics, and Transport Processes},
    year        =   {2018},
    note        =   {Version 2.4.0},
    howpublished    =   {\url{https://www.cantera.org}},
    doi         =   {10.5281/zenodo.1174508}
}

@article{FFTW05,
    author      = 	 {Frigo, M. and Johnson, S. G.},
    title       = 	 {The Design and Implementation of {FFTW3}},
    journal     = 	 {Proceedings of the IEEE},
    year        = 	 {2005},
    volume      =	 {93},
    number      =	 {2},
    pages       =	 {216--231},
    note        =	 {Special issue on ``Program Generation, Optimization, and Platform Adaptation''}
}

@misc{gri30,
    author      =   {Smith, G. P. and Golden, D. M. and Frenklach, M. and Moriarty, N. W. and Eiteneer, B. and Goldenberg, M. and Bowman, C. T. and Hanson, R. K. and Song, S. and Gardiner,Jr., W. C. and Lissianski, V. V. and Qin, Z.},
    title       =   {GRI--Mech 3.0},
    year        =   {2018},
    howpublished    =   {\url{http://www.me.berkeley.edu/gri_mech/}}
}

@misc{volcano,
    author      =   {Volcano Hazards Program},
    title       =   {Movement on the Surface Provides Information About the Subsurface},
    publisher   =   {United States Geological Survey},
    howpublished    =   {\url{https://www.usgs.gov/programs/VHP/movement-surface-provides-information-about-subsurface}}
}

@book{Williams_book,
    author      =   {Williams, F. A.},
    year        =   {1985},
    title       =   {Combustion Theory},
    publisher   =   {The Benjamin/Cummings Publishing Company, Inc.},
    edition     =   {3rd}
}

@book{Peters_book,
    author      =	{Peters, N.},
    year        =	{2000},
	title       =	{Turbulent combustion},
	publisher	=	{Cambridge University Press}
}

@article{Costa2004,
    title       =   {Spectral Methods for Partial Differential Equations},
    volume      =   {6},
    url         =   {https://cubo.ufro.cl/ojs/index.php/cubo/article/view/1552},
    number      =   {4},
    journal     =   {CUBO, A Mathematical Journal},
    author      =   {Costa, B.},
    year        =   {2004},
    month       =   {Dec},
    pages       =   {1--32}
}

@incollection{Baddour2011,
    title       =   {Chapter 1 - {T}wo-Dimensional {F}ourier Transforms in Polar Coordinates},
    editor      =   {Peter W. Hawkes},
    series      =   {Advances in Imaging and Electron Physics},
    publisher   =   {Elsevier},
    volume      =   {165},
    pages       =   {1-45},
    year        =   {2011},
    booktitle   =   {Advances in Imaging and Electron Physics},
    issn        =   {1076-5670},
    doi         =   {10.1016/B978-0-12-385861-0.00001-4},
    url         =   {https://www.sciencedirect.com/science/article/pii/B9780123858610000014},
    author      =   {Baddour, N.}
}

@article{Driscoll2008,
    title       =   {Turbulent premixed combustion: {F}lamelet structure and its effect on turbulent burning velocities},
    journal     =   {Progress in Energy and Combustion Science},
    volume      =   {34},
    number      =   {1},
    pages       =   {91--134},
    year        =   {2008},
    issn        =   {0360-1285},
    doi         =   {10.1016/j.pecs.2007.04.002},
    author      =   {Driscoll, J. F.}
}

@misc{MAE501,
    author      =   {Deike, L.},
    institution =   {Princeton University},
    howpublished    =   {MAE501: Mathematical Methods of Engineering Analysis I},
    year        =   {2023},
    title       =   {Problem {S}et 9, {E}xercise 3}
}

@misc{NDSU_notes,
    author      =   {Novozhilov, A. S.},
    institution =   {North Dakota State University},
    howpublished    =   {Math 483/683: Partial Differential Equations},
    year        =   {2023},
    title       =   {Solving the wave equation by {F}ourier methods}
}

@article{Chaudhuri2015,
    title       =   {On flame--turbulence interaction in constant--pressure expanding flames},
    journal     =   {Proceedings of the Combustion Institute},
    volume      =   {35},
    number      =   {2},
    pages       =   {1331--1339},
    year        =   {2015},
    issn        =   {1540--7489},
    doi         =   {10.1016/j.proci.2014.07.038},
    author      =   {Chaudhuri, S. and Saha, A. and Law, C. K.},
}

@misc{StackEx,
    title       =   {Discretizing the Wave Equation in polar coordinates},
    author      =   {Kanos, K.},
    howpublished    =   {Physics Stack Exchange},
    year        =   {2014},
    note        =   {URL: https://physics.stackexchange.com/q/112906},
    url         =   {https://physics.stackexchange.com/q/112906}
}